Download

Source

PDF
Actions
   Copy Project
   Word Count
Sync
   Dropbox
   GitHub
   Mendeley
Settings
Compiler

Main document

Spell check

Auto-complete

Auto-close Brackets

Code check

Theme

Keybindings

Font Size

Font Family

Line Height

PDF Viewer

Hotkeys
   Show Hotkeys
TCC-1: Daniel Gohl
R
@article{watson:2005,
    title = {{A comparison of temperate reef fish assemblages recorded by three underwater stereo-video techniques}},
    year = {2005},
    journal = {Marine Biology},
    author = {Watson, Dianne L and Harvey, Euan S and Anderson, Marti J and Kendrick, Gary A},
    number = {2},
    pages = {415--425},
    volume = {148},
    publisher = {Springer}
}

@inproceedings{papageorgiou1998general,
    title = {{A general framework for object detection}},
    year = {1998},
    booktitle = {Computer vision, 1998. sixth international conference on},
    author = {Papageorgiou, Constantine P and Oren, Michael and Poggio, Tomaso},
    pages = {555--562},
    organization = {IEEE}
}

@book{Schwaber:2002,
    title = {{Agile software development with Scrum}},
    year = {2002},
    author = {Schwaber, Ken and Beedle, Mike},
    volume = {1},
    publisher = {Prentice Hall Upper Saddle River}
}

@misc{lions1996ariane,
    title = {{Ariane 5 flight 501 failure report by the inquiry board}},
    year = {1996},
    author = {Lions, Jacques-Louis and L{\"{u}}beck, Lennart and Fauquembergue, Jean-Luc and Kahn, Gilles and Kubbat, Wolfgang and Levedag, Stefan and Mazzini, Leonardo and Merle, Didier and O’Halloran, Colin},
    publisher = {European space agency Paris}
}

@article{tang1998automatic,
    title = {{Automatic plankton image recognition}},
    year = {1998},
    journal = {Artificial intelligence review},
    author = {Tang, Xiaoou and Stewart, W Kenneth and Huang, He and Gallager, Scott M and Davis, Cabell S and Vincent, Luc and Marra, Marty},
    number = {1-3},
    pages = {177--199},
    volume = {12},
    publisher = {Springer}
}

@article{tang1998automaticb,
    title = {{Automatic plankton image recognition}},
    year = {1998},
    journal = {Artificial intelligence review},
    author = {Tang, Xiaoou and Stewart, W Kenneth and Huang, He and Gallager, Scott M and Davis, Cabell S and Vincent, Luc and Marra, Marty},
    number = {1-3},
    pages = {177--199},
    volume = {12},
    publisher = {Springer}
}

@inproceedings{bazeille2006,
    title = {{Automatic underwater image pre-processing}},
    year = {2006},
    booktitle = {CMM'06},
    author = {Bazeille, Stephane and Quidu, Isabelle and Jaulin, Luc and Malkasse, Jean-Philippe},
    pages = {xx}
}

@article{barthem:2004,
    title = {{Biologia e diversidade dos recursos pesqueiros da Amaz{\{}{\^{o}}{\}}nia}},
    year = {2004},
    journal = {A pesca e os recursos pesqueiros na Amaz{\{}{\^{o}}{\}}nia brasileira},
    author = {Barthem, Ronaldo Borges and Fabr{\'{e}}, Nidia Noemi},
    pages = {17--62},
    volume = {1},
    publisher = {IBAMAPROV{\{}{\'{A}}{\}}RZEA}
}

@book{szeliski2010computer,
    title = {{Computer Vision : Algorithms and Applications}},
    year = {2010},
    booktitle = {Computer},
    author = {Szeliski, Richard},
    pages = {832},
    volume = {5},
    publisher = {Springer Science {\&} Business Media},
    url = {http://research.microsoft.com/en-us/um/people/szeliski/book/drafts/szelski_20080330am_draft.pdf},
    isbn = {1848829345},
    doi = {10.1007/978-1-84882-935-0},
    issn = {10636919},
    pmid = {16259003},
    arxivId = {arXiv:1011.1669v3}
}

@article{Lu:2017,
    title = {{Computer vision for ocean observing}},
    year = {2017},
    journal = {Studies in Computational Intelligence},
    author = {Lu, Huimin and Li, Yujie and Serikawa, Seiichi},
    pages = {1--16},
    volume = {672},
    doi = {10.1007/978-3-319-46245-5{\_}1},
    issn = {1860949X},
    keywords = {Computer vision, Ocean observing}
}


@article{vandamme:2015,
    title = {{Computer vision photogrammetry for underwater archaeological site recording in a low-visibility environment}},
    year = {2015},
    journal = {The International Archives of Photogrammetry, Remote Sensing and Spatial Information Sciences},
    author = {Van Damme, T},
    number = {5},
    pages = {231},
    volume = {40},
    publisher = {Copernicus GmbH}
}

@article{Qin:2016,
    title = {{DeepFish: Accurate underwater live fish recognition with a deep architecture}},
    year = {2016},
    journal = {Neurocomputing},
    author = {Qin, Hongwei and Li, Xiu and Liang, Jian and Peng, Yigang and Zhang, Changshui},
    pages = {49--58},
    volume = {187},
    doi = {10.1016/j.neucom.2015.10.122},
    issn = {18728286},
    keywords = {Cascaded network, Deep learning, Object recognition, Underwater}
}


@book{gonzalez1992digital,
    title = {{Digital image processing}},
    year = {1992},
    author = {Gonzalez, Rafael C. and Woods, Richard E and {others}},
    publisher = {Addison-wesley Reading}
}

@book{marwedel2006embedded,
    title = {{Embedded system design}},
    year = {2006},
    author = {Marwedel, Peter},
    volume = {1},
    publisher = {Springer}
}

@book{vahid:2002,
    title = {{Embedded system design - a unified hardware/software introduction.}},
    year = {2002},
    author = {Vahid, F and Givargis, T},
    pages = {I--XXI, 1--324},
    isbn = {978-0-471-45303-1},
    keywords = {dblp}
}

@book{Marwedel:2010,
    title = {{Embedded system design: Embedded systems foundations of cyber-physical systems}},
    year = {2010},
    author = {Marwedel, Peter},
    publisher = {Springer Science {\&} Business Media}
}

@book{heath:2002,
    title = {{Embedded Systems Design}},
    year = {2002},
    author = {Heath, Steve},
    publisher = {Elsevier Science},
    url = {https://books.google.com.br/books?id=BjNZXwH7HlkC 273000/83f14e519542c81360f3d38c68d7c888},
    isbn = {9780080477565}
}

@article{greening2000energy,
    title = {{Energy efficiency and consumption—the rebound effect—a survey}},
    year = {2000},
    journal = {Energy policy},
    author = {Greening, Lorna A and Greene, David L and Difiglio, Carmen},
    number = {6},
    pages = {389--401},
    volume = {28},
    publisher = {Elsevier}
}

@book{pressman:2016,
    title = {{Engenharia de Software-8{\{}{\textordfeminine}{\}} Edi{\{}{\c{c}}{\}}{\{}{\~{a}}{\}}o}},
    year = {2016},
    author = {Pressman, Roger and Maxim, Bruce},
    publisher = {McGraw Hill Brasil}
}

@book{jain1989fundamentals,
    title = {{Fundamentals of digital image processing}},
    year = {1989},
    booktitle = {Computer Vision, Graphics, and Image Processing},
    author = {Jain, Anil K.},
    number = {3},
    pages = {400},
    volume = {46},
    publisher = {Prentice-Hall, Inc.},
    url = {http://linkinghub.elsevier.com/retrieve/pii/0734189X89900418},
    isbn = {0133361659},
    doi = {10.1016/0734-189X(89)90041-8},
    issn = {0734189X}
}

@misc{mathworks:2008,
    title = {{Homomorphic filtering}},
    year = {2008},
    url = {https://www.mathworks.com/matlabcentral/fileexchange/21357-homomorphic-filtering},
    institution = {MathWorks}
}

@inproceedings{siekkinen2012low,
    title = {{How low energy is bluetooth low energy? comparative measurements with zigbee/802.15. 4}},
    year = {2012},
    booktitle = {Wireless Communications and Networking Conference Workshops (WCNCW), 2012 IEEE},
    author = {Siekkinen, Matti and Hiienkari, Markus and Nurminen, Jukka K and Nieminen, Johanna},
    pages = {232--237},
    organization = {IEEE}
}

@article{xia2012internet,
    title = {{Internet of things}},
    year = {2012},
    journal = {International Journal of Communication Systems},
    author = {Xia, Feng and Yang, Laurence T and Wang, Lizhe and Vinel, Alexey},
    number = {9},
    pages = {1101},
    volume = {25}
}

@incollection{kopetz:2011,
    title = {{Internet of Things}},
    year = {2011},
    booktitle = {Real-Time Systems: Design Principles for Distributed Embedded Applications},
    author = {Kopetz, Hermann},
    pages = {307--323},
    publisher = {Springer US},
    url = {http://dx.doi.org/10.1007/978-1-4419-8237-7%7B_%7D13 https://link.springer.com/chapter/10.1007/978-1-4419-8237-7%7B_%7D13},
    address = {Boston, MA},
    isbn = {978-1-4419-8237-7},
    doi = {10.1007/978-1-4419-8237-7{\_}13}
}

@article{xia:2012,
    title = {{Internet of things}},
    year = {2012},
    journal = {International Journal of Communication Systems},
    author = {Xia, Feng and Yang, Laurence T and Wang, Lizhe and Vinel, Alexey},
    number = {9},
    pages = {1101--1102},
    volume = {25},
    isbn = {9781420052817},
    doi = {10.1002/dac},
    issn = {10745351},
    pmid = {15487673},
    arxivId = {arXiv:1011.1669v3}
}

@article{Gubbi:2013,
    title = {{Internet of Things (IoT): A vision, architectural elements, and future directions}},
    year = {2013},
    journal = {Future Generation Computer Systems},
    author = {Gubbi, Jayavardhana and Buyya, Rajkumar and Marusic, Slaven and Palaniswami, Marimuthu},
    number = {7},
    pages = {1645--1660},
    volume = {29},
    url = {http://www.sciencedirect.com/science/article/pii/S0167739X13000241},
    doi = {https://doi.org/10.1016/j.future.2013.01.010},
    issn = {0167-739X},
    keywords = {Cloud computing, Internet of Things, RFID, Smart environments, Ubiquitous sensing, Wireless sensor networks}
}

@article{zanella2014internet,
    title = {{Internet of things for smart cities}},
    year = {2014},
    journal = {IEEE Internet of Things journal},
    author = {Zanella, Andrea and Bui, Nicola and Castellani, Angelo and Vangelista, Lorenzo and Zorzi, Michele},
    number = {1},
    pages = {22--32},
    volume = {1},
    publisher = {IEEE}
}

@article{bradski2008learning,
    title = {{Learning OpenCV}},
    year = {2008},
    author = {Bradski, Gary and Kaehler, Adrian}
}

@book{bradski:2008,
    title = {{Learning OpenCV: Computer vision with the OpenCV library}},
    year = {2008},
    author = {Bradski, Gary and Kaehler, Adrian},
    publisher = {" O'Reilly Media, Inc."}
}

@book{white:2011,
    title = {{Making Embedded Systems: Design Patterns for Great Software}},
    year = {2011},
    author = {White, Elecia},
    pages = {328},
    volume = {2011},
    publisher = {O'Reilly Media},
    url = {http://books.google.com/books?id=VCOTy1xWZmQC%7B&%7Dpgis=1 http://gen.lib.rus.ec/book/index.php?md5=198A2D91EB3D7296D85BBF1D099F5C84},
    isbn = {1449320589}
}

@article{Clarke:2009,
    title = {{Model Checking: Algorithmic Verification and Debugging}},
    year = {2009},
    journal = {Commun. ACM},
    author = {Clarke, Edmund M and Emerson, E Allen and Sifakis, Joseph},
    number = {11},
    pages = {74--84},
    volume = {52},
    publisher = {ACM},
    url = {http://doi.acm.org/10.1145/1592761.1592781},
    address = {New York, NY, USA},
    doi = {10.1145/1592761.1592781},
    issn = {0001-0782}
}

@inproceedings{garcia2002way,
    title = {{On the way to solve lighting problems in underwater imaging}},
    year = {2002},
    booktitle = {OCEANS'02 MTS/IEEE},
    author = {Garcia, Rafael and Nicosevici, Tudor and Cuf{\textbackslash}'{\textbackslash}i, Xevi},
    pages = {1018--1024},
    volume = {2},
    organization = {IEEE}
}

@book{bishop:2006,
    title = {{Pattern Recognition and Machine Learning}},
    year = {2006},
    author = {Bishop, Christopher M},
    series = {Information Science and Statistics},
    publisher = {Springer Science {\{}{\&}{\}} Business Media},
    address = {New York},
    isbn = {978-0387-31073-2}
}

@book{bishop:2006b,
    title = {{Pattern recognition and machine learning}},
    year = {2006},
    author = {Bishop, Christopher M},
    publisher = {springer}
}

@book{peterson:1981,
    title = {{Petri Net Theory and The Modeling of Systems}},
    year = {1981},
    author = {Peterson, James Lyle},
    publisher = {Prentice-Hall},
    address = {Englewood Cliffs, NJ.},
    keywords = {Petri nets, system analysis, systems design}
}

@article{murata:1989,
    title = {{Petri nets: Properties, analysis and applications}},
    year = {1989},
    journal = {Proceedings of the IEEE},
    author = {Murata, Tadao},
    number = {4},
    pages = {541--580},
    volume = {77},
    publisher = {IEEE}
}

@book{Baier:2008,
    title = {{Principles of Model Checking (Representation and Mind Series)}},
    year = {2008},
    author = {Baier, Christel and Katoen, Joost-Pieter},
    publisher = {The MIT Press},
    isbn = {026202649X, 9780262026499}
}

@inproceedings{jain2014raspberry,
    title = {{Raspberry Pi based interactive home automation system through E-mail}},
    year = {2014},
    booktitle = {Optimization, Reliabilty, and Information Technology (ICROIT), 2014 International Conference on},
    author = {Jain, Sarthak and Vaibhav, Anant and Goyal, Lovely},
    pages = {277--280},
    organization = {IEEE}
}

@article{SzegedyVISW15,
    title = {{Rethinking the Inception Architecture for Computer Vision}},
    year = {2015},
    journal = {CoRR},
    author = {Szegedy, Christian and Vanhoucke, Vincent and Ioffe, Sergey and Shlens, Jonathon and Wojna, Zbigniew},
    volume = {abs/1512.0},
    url = {http://arxiv.org/abs/1512.00567},
    arxivId = {1512.00567}
}

@misc{portalbrasil:2009,
    title = {Rios e bacias do Brasil formam uma das maiores redes fluviais do mundo},
    autor = {Portal~Brasil},
    year = {2009},
    publisher = {{Portal Brasil}},
    url = {http://www.brasil.gov.br/meio-ambiente/2009/10/rios-e-bacias-do-brasil-formam-uma-das-maiores-redes-fluviais-do-mundo},
    institution = {Portal Brasil}
}

@article{Miller:2004,
    title = {{Scuba diving risk taking—A terror management theory perspective}},
    year = {2004},
    journal = {Journal of Sport and Exercise Psychology},
    author = {Miller, Gila and Taubman--Ben-Ari, Orit},
    number = {2},
    pages = {269--282},
    volume = {26}
}

@misc{opencv:2009,
    title = {{Smoothing Images}},
    year = {2015},
    url = {http://docs.opencv.org/3.1.0/d4/d13/tutorial_py_filtering.html},
    institution = {OpenCV}
}

@article{hearst:1998,
    title = {{Support vector machines}},
    year = {1998},
    journal = {IEEE Intelligent Systems and their applications},
    author = {Hearst, Marti A and Dumais, Susan T and Osuna, Edgar and Platt, John and Scholkopf, Bernhard},
    number = {4},
    pages = {18--28},
    volume = {13},
    publisher = {IEEE}
}

@article{santos:2005,
    title = {{Sustentabilidade da pesca na Amaz{\{}{\^{o}}{\}}nia}},
    year = {2005},
    journal = {Estudos avancados},
    author = {Santos, Geraldo Mendes dos and Santos, Ana Carolina Mendes dos},
    number = {54},
    pages = {165--182},
    volume = {19},
    publisher = {SciELO Brasil}
}

@misc{tensorflow2015,
    title = {{TensorFlow: Large-Scale Machine Learning on Heterogeneous Systems}},
    year = {2015},
    author = {{Martin{\~{}}Abadi} and {Ashish{\~{}}Agarwal} and {Paul{\~{}}Barham} and {Eugene{\~{}}Brevdo} and {Zhifeng{\~{}}Chen} and {Craig{\~{}}Citro} and {Greg{\~{}}S.{\~{}}Corrado} and {Andy{\~{}}Davis} and {Jeffrey{\~{}}Dean} and {Matthieu{\~{}}Devin} and {Sanjay{\~{}}Ghemawat} and {Ian{\~{}}Goodfellow} and {Andrew{\~{}}Harp} and {Geoffrey{\~{}}Irving} and {Michael{\~{}}Isard} and Jia, Yangqing and {Rafal{\~{}}Jozefowicz} and {Lukasz{\~{}}Kaiser} and {Manjunath{\~{}}Kudlur} and {Josh{\~{}}Levenberg} and {Dandelion{\~{}}Man{\'{e}}} and {Rajat{\~{}}Monga} and {Sherry{\~{}}Moore} and {Derek{\~{}}Murray} and {Chris{\~{}}Olah} and {Mike{\~{}}Schuster} and {Jonathon{\~{}}Shlens} and {Benoit{\~{}}Steiner} and {Ilya{\~{}}Sutskever} and {Kunal{\~{}}Talwar} and {Paul{\~{}}Tucker} and {Vincent{\~{}}Vanhoucke} and {Vijay{\~{}}Vasudevan} and {Fernanda{\~{}}Vi{\'{e}}gas} and {Oriol{\~{}}Vinyals} and {Pete{\~{}}Warden} and {Martin{\~{}}Wattenberg} and {Martin{\~{}}Wicke} and {Yuan{\~{}}Yu} and {Xiaoqiang{\~{}}Zheng}},
    url = {https://www.tensorflow.org/}
}

@book{sioli:2012,
    title = {{The Amazon: limnology and landscape ecology of a mighty tropical river and its basin}},
    year = {2012},
    author = {Sioli, Harald},
    volume = {56},
    publisher = {Springer Science {\&} Business Media}
}

@article{atzori2010internet,
    title = {{The internet of things: A survey}},
    year = {2010},
    journal = {Computer networks},
    author = {Atzori, Luigi and Iera, Antonio and Morabito, Giacomo},
    number = {15},
    pages = {2787--2805},
    volume = {54},
    publisher = {Elsevier}
}

@book{rumbaugh2017unified,
    title = {{The unified modeling language reference manual}},
    year = {2017},
    author = {Rumbaugh, James and Booch, Grady and Jacobson, Ivar},
    publisher = {Addison Wesley}
}

@article{schlett:1998,
    title = {{Trends in embedded-microprocessor design}},
    year = {1998},
    journal = {Computer},
    author = {Schlett, M},
    number = {8},
    pages = {44--49},
    volume = {31},
    doi = {10.1109/2.707616},
    issn = {0018-9162}
}


@article{marengoni:2009,
    title = {{Tutorial: Introdu{\c{c}}{\~{a}}o {\`{a}} vis{\~{a}}o computacional usando opencv}},
    year = {2009},
    journal = {Revista de Inform{\'{a}}tica Te{\'{o}}rica e Aplicada},
    author = {Marengoni, Maurício and Stringhini, Stringhini},
    number = {1},
    pages = {125--160},
    volume = {16}
}

@misc{Lectureeds.-Compute.pdf,
    title ={(Lecture Notes in Computer Science 6806 Theoretical Computer Science and General Issues) Vijay Ganesh, Adam Kie{\.{z}}un, Shay Artzi, Philip J. Guo (auth.), Ganesh Gopalakrishnan, Shaz Qadeer (eds.)-Compute.pdf}
}

@article{Watson2005ATechniques,
    title = {{A comparison of temperate reef fish assemblages recorded by three underwater stereo-video techniques}},
    year = {2005},
    journal = {Marine Biology},
    author = {Watson, Dianne L. and Harvey, Euan S. and Anderson, Marti J. and Kendrick, Gary A.},
    number = {2},
    pages = {415--425},
    volume = {148},
    isbn = {0025-3162},
    doi = {10.1007/s00227-005-0090-6},
    issn = {00253162},
    pmid = {6952995}
}

@article{Chuang2016AImages,
    title = {{A feature learning and object recognition framework for underwater fish images}},
    year = {2016},
    journal = {IEEE Transactions on Image Processing},
    author = {Chuang, Meng Che and Hwang, Jenq Neng and Williams, Kresimir},
    number = {4},
    pages = {1862--1872},
    volume = {25},
    doi = {10.1109/TIP.2016.2535342},
    issn = {10577149},
    arxivId = {1603.01696},
    keywords = {Feature learning, fish species identification, object recognition, underwater imagery, unsupervised learning}
}

@article{Sesek2016ATHz-obmocje,
    title = {{A robust highly sensitive sensor for the THz frequency range | Robustni, visoko ob{\v{c}}utljivi senzor za THz-obmo{\v{c}}je}},
    year = {2016},
    journal = {Elektrotehniski Vestnik/Electrotechnical Review},
    author = {Sesek, A. and Trontelj, J.},
    number = {4},
    volume = {83}
}

@article{FORESTI2000AImages,
    title = {{a Vision Based System for Object Detection in Underwater Images}},
    year = {2000},
    journal = {International Journal of Pattern Recognition and Artificial Intelligence},
    author = {FORESTI, G. L. and GENTILI, S.},
    number = {02},
    pages = {167--188},
    volume = {14},
    url = {http://www.worldscientific.com/doi/abs/10.1142/S021800140000012X},
    doi = {10.1142/S021800140000012X},
    issn = {0218-0014},
    keywords = {Underwater images, autonomous underwater vehicles, geometric reasoning, illumination compensation, neural networks, object classification, object detection}
}

@article{Gentili2000A.,
    title = {{A Vision Based System for Object Detection in Underwater Images .}},
    year = {2000},
    author = {Gentili, G.L. Foresti and S.},
    number = {March 2000},
    doi = {10.1142/S021800140000012X}
}

@misc{Arduino2018ArduinoRev3,
    title = {Arduino~Uno~Rev3},
    year = {2018},
    booktitle = {Arduino Webpage},
    publisher = {{Arduino}},
    url = {https://store.arduino.cc/usa/arduino-uno-rev3}
}

@article{Quidu2010AutomaticPre-processing,
    title = {{Automatic underwater image pre-processing}},
    year = {2010},
    author = {Quidu, Isabelle and Jaulin, Luc and Malkasse, Jean-philippe}
}

@inproceedings{VanDamme2015ComputerEnvironment,
    title = {{Computer Vision Photogrammetry for underwater archaeological site recording in a low-visibility environment}},
    year = {2015},
    booktitle = {International Archives of the Photogrammetry, Remote Sensing and Spatial Information Sciences - ISPRS Archives},
    author = {Van Damme, T.},
    number = {5W5},
    pages = {231--238},
    volume = {40},
    doi = {10.5194/isprsarchives-XL-5-W5-231-2015},
    issn = {16821750},
    keywords = {Agisoft photoscan, Computer Vision, Photogrammetry, Recording, Shipwrecks, Underwater archaeology}
}

@misc{RaspberryPi2016DATASHEETCM3L,
    title = {DATASHEET Raspberry Pi Compute Module (CM1) Raspberry Pi Compute Module 3 (CM3) Raspberry Pi Compute Module 3 Lite (CM3L)},
    year = {2016},
    publisher = {{Raspberry Pi}},
    number = {October},
    pages = {0--21},
    volume = {3},
    url = {https://www.raspberrypi.org/documentation/hardware/computemodule/RPI-CM-DATASHEET-V1_0.pdf%0Ahttps://www.sparkfun.com/products/13825}
}

@book{Olszewska2017DetectingRepresentation,
    title = {{Detecting hidden objects using efficient spatio-temporal knowledge representation}},
    year = {2017},
    booktitle = {Lecture Notes in Computer Science (including subseries Lecture Notes in Artificial Intelligence and Lecture Notes in Bioinformatics)},
    author = {Olszewska, J.I.},
    volume = {10162 LNAI},
    isbn = {9783319533537},
    doi = {10.1007/978-3-319-53354-4{\_}17}
}

@article{Tan2013DetectionLearning,
    title = {{Detection of Underwater Objects Based on Machine Learning}},
    year = {2013},
    journal = {Proceedings of the SICE Annual Conference},
    author = {Tan, Yasuhiro and Kooi, Joo and Ishikawa, Tan，hyoungseop Kim，seiji},
    keywords = {Haar-like features, Side-scan sonar, underwater objects}
}

@inproceedings{Jebelli2016EfficientTracking,
    title = {{Efficient robot vision system for underwater object tracking}},
    year = {2016},
    booktitle = {Proceedings of 2016 2nd International Conference on Control Science and Systems Engineering, ICCSSE 2016},
    author = {Jebelli, A. and Yagoub, M C E},
    pages = {242--247},
    url = {https://www.scopus.com/inward/record.uri?eid=2-s2.0-85010767515&doi=10.1109%2FCCSSE.2016.7784390&partnerID=40&md5=1072bdac480bf13ad946de05f488b10f},
    isbn = {9781467398725},
    doi = {10.1109/CCSSE.2016.7784390},
    keywords = {Computer vision, Hot spot, Mean shift, Mean shift algorithm, Model, Systems engineering, Tracking (position)}
}

@inproceedings{Etherington2015EliminatingOperations,
    title = {{Eliminating visibility problems from low visibility operations}},
    year = {2015},
    booktitle = {AIAA/IEEE Digital Avionics Systems Conference - Proceedings},
    author = {Etherington, T.J.},
    isbn = {9781479989409},
    doi = {10.1109/DASC.2015.7311465}
}

@book{Vahid2002EmbeddedIntroduction.,
    title = {{Embedded system design - a unified hardware / software introduction.}},
    year = {2002},
    author = {Vahid, F and Givargis, T},
    pages = {1--324},
    isbn = {978-0-471-45303-1},
    keywords = {dblp}
}

@book{Heath2002EmbeddedDesign,
    title = {{Embedded systems design}},
    year = {2002},
    booktitle = {Newnes},
    author = {Heath, S},
    url = {http://books.google.de/books?hl=de&amp;lr=&amp;id=BjNZXwH7HlkC&amp;oi=fnd&amp;pg=PP2&amp;dq=Embedded+Systems+Design+heath&amp;ots=xg2gF6xOiM&amp;sig=aLbdXZhjZWW0WjZ24Ddna6U-b-g http://books.google.com/books?hl=en&lr=&id=BjNZXwH7HlkC&oi=fnd&pg=PP2&dq=embed},
    isbn = {978-07-5065-546-0}
}

@inproceedings{Korn2002EnhancedConditions,
    title = {{Enhanced and Synthetic Vision: Increasing Pilot's Situation Awareness Under Adverse Weather Conditions}},
    year = {2002},
    booktitle = {The 21st Digital Avionics Systems Conference (DASC)},
    author = {Korn, Bernd and Hecker, Peter},
    pages = {2--1},
    volume = {2},
    isbn = {0780373677}
}

@article{Qin2014ForegroundDecomposition,
    title = {{Foreground Extraction of Underwater Videos via Sparse and Low-rank Matrix Decomposition}},
    year = {2014},
    journal = {Vision for Analysis of Underwater Imagery},
    author = {Qin, Hongwei and Peng, Yigang and Li, Xiu},
    number = {71171121},
    pages = {1--8},
    keywords = {adaptive threshold, foreground extraction, principle component pur-, suit, underwater videos}
}

@article{Cunha2011FormalContext,
    title = {{Formal Verification of UML Sequence Diagrams in the Embedded Systems Context}},
    year = {2011},
    journal = {2011 Brazilian Symposium on Computing System Engineering},
    author = {Cunha, E. and Custodio, M. and Rocha, H. and Barreto, R.},
    pages = {39--45},
    volume = {1},
    isbn = {978-1-4673-0427-6},
    doi = {10.1109/SBESC.2011.18},
    issn = {2324-7886},
    keywords = {Petri nets, SMV, UML sequence diagrams, model-checker, properties verification}
}

@article{Kitchenham2007Guidelines2.3,
    title = {{Guidelines for performing Systematic Literature reviews in Software Engineering Version 2.3}},
    year = {2007},
    journal = {Engineering},
    author = {Kitchenham, Barbara and Charters, Stuart},
    number = {4ve},
    pages = {1051},
    volume = {45},
    url = {http://scholar.google.com/scholar?hl=en&btnG=Search&q=intitle:Guidelines+for+performing+Systematic+Literature+Reviews+in+Software+Engineering#0%5Cnhttp://www.dur.ac.uk/ebse/resources/Systematic-reviews-5-8.pdf},
    isbn = {1595933751},
    doi = {10.1145/1134285.1134500},
    issn = {00010782},
    pmid = {10853839},
    arxivId = {1304.1186}
}

@article{Udc2001HilbertReview,
    title = {{Hilbert ’ S Fifth Problem : Review}},
    year = {2001},
    journal = {Journal ofMathematical Sciences},
    author = {Udc, Illman and Congress, Second International},
    number = {2},
    pages = {1843--1847},
    volume = {105}
}


@article{Gubbi2013InternetDirections,
    title = {{Internet of Things (IoT): A vision, architectural elements, and future directions}},
    year = {2013},
    journal = {Future Generation Computer Systems},
    author = {Gubbi, Jayavardhana and Buyya, Rajkumar and Marusic, Slaven and Palaniswami, Marimuthu},
    number = {7},
    pages = {1645--1660},
    volume = {29},
    publisher = {Elsevier B.V.},
    url = {http://dx.doi.org/10.1016/j.future.2013.01.010},
    isbn = {0167739X},
    doi = {10.1016/j.future.2013.01.010},
    issn = {0167739X},
    pmid = {20120930},
    arxivId = {1207.0203},
    keywords = {Cloud computing, Internet of Things, RFID Smart environments, Ubiquitous sensing, Wireless sensor networks}
}

@book{Zelinsky2009LearningLibrary,
    title = {{Learning OpenCV???Computer Vision with the OpenCV Library}},
    year = {2009},
    booktitle = {IEEE Robotics and Automation Magazine},
    author = {Zelinsky, Alex},
    number = {3},
    pages = {100},
    volume = {16},
    url = {http://shop.oreilly.com/product/0636920022497.do},
    isbn = {0596516134},
    doi = {10.1109/MRA.2009.933612},
    issn = {10709932},
    pmid = {25246403},
    arxivId = {arXiv:1011.1669v3}
}

@article{Chen2013LightDetection,
    title = {{Light intensity, spectrum and polarization information fusion based underwater object detection}},
    year = {2013},
    journal = {Tongxin Xuebao/Journal on Communications},
    author = {Chen, Z. and Wang, H.-B. and Shen, J. and Xu, L.-Z.},
    number = {3},
    volume = {34},
    doi = {10.3969/j.issn.1000-436x.2013.03.025}
}

@book{White2011MakingSoftware,
    title = {{Making Embedded Systems: Design Patterns for Great Software}},
    year = {2011},
    author = {White, Elecia},
    pages = {328},
    volume = {2011},
    url = {http://books.google.com/books?id=VCOTy1xWZmQC&pgis=1},
    isbn = {1449320589}
}

@misc{Berthomieu2000MultipleSystems,
    title = {{Multiple Classifier Systems}},
    year = {2000},
    booktitle = {Proceedings IFIP},
    author = {Berthomieu, B. and Menasche, M.},
    pages = {41--46},
    volume = {1857},
    url = {http://link.springer.com/10.1007/3-540-45014-9},
    isbn = {978-3-540-67704-8},
    doi = {10.1007/3-540-45014-9},
    issn = {0010-4485},
    pmid = {12185262},
    arxivId = {arXiv:0912.0827v5}
}

@inproceedings{Shoucri1995PassiveConditions,
    title = {{Passive millimeter-wave camera for vehicle guidance in low-visibility conditions}},
    year = {1995},
    booktitle = {Proceedings of SPIE - The International Society for Optical Engineering},
    author = {Shoucri, Merit and Dow, G Sam and Hauss, Bruce and Lee, Paul and Yujiri, Larry},
    pages = {2--9},
    volume = {2463},
    url = {https://www.scopus.com/inward/record.uri?eid=2-s2.0-0029490368&partnerID=40&md5=46dd1ce9baf07f37fd91004e54a543ea},
    isbn = {9780819418166},
    keywords = {2, autonomous landing guidance, imaging radiometers, interest in the, low visibility sensors, millimeter waves, passive sensors, pmmw technology advances, processing techniques have renewed, recent advances in millimeter, synthetic vision, wave hardware and in}
}

@misc{Peterson1982PetriSystems,
    title = {{Petri net theory and the modeling of systems}},
    year = {1982},
    booktitle = {Mathematics and Computers in Simulation},
    author = {Peterson, James L.},
    number = {4},
    pages = {356},
    volume = {24},
    isbn = {0136619835},
    doi = {10.1016/0378-4754(82)90087-8},
    issn = {03784754}
}

@misc{Murata1989PetriApplications,
    title = {{Petri Nets: Properties, Analysis and Applications}},
    year = {1989},
    booktitle = {Proceedings of the IEEE},
    author = {Murata, Tadao},
    number = {4},
    pages = {541--580},
    volume = {77},
    isbn = {3540111891},
    doi = {10.1109/5.24143},
    issn = {15582256},
    pmid = {24143},
    arxivId = {1104.0291v1}
}

@inproceedings{Ward2016PresentOperations,
    title = {{Present and future of vision systems technologies in commercial flight operations}},
    year = {2016},
    booktitle = {Proceedings of SPIE - The International Society for Optical Engineering},
    author = {Ward, J.},
    volume = {9839},
    isbn = {9781510600805},
    doi = {10.1117/12.2228271}
}

@book{Baier2008PrinciplesChecking,
    title = {{Principles Of Model Checking}},
    year = {2008},
    booktitle = {MIT Press},
    author = {Baier, Christel and Katoen, Joost-Pieter},
    pages = {1--975},
    volume = {950},
    url = {http://mitpress.mit.edu/books/principles-model-checking},
    isbn = {9780262026499},
    doi = {10.1093/comjnl/bxp025},
    issn = {00155713},
    pmid = {11275744}
}

@article{Paper2014RaspberryE-mail,
    title = {{Raspberry Pi based interactive home automation system through E-mail Raspberry Pi based Interactive Home Automation System through E-mail}},
    year = {2014},
    journal = {Optimization, Reliabilty, and},
    author = {Paper, Conference and Jain, Sarthak and Hcl, Anant Vaibhav},
    number = {November 2015},
    pages = {277--280},
    url = {http://ieeexplore.ieee.org/xpls/abs_all.jsp?arnumber=6798330},
    isbn = {9781479929955},
    doi = {10.1109/ICROIT.2014.6798330},
    keywords = {-raspberry pi, developed a java based, e-mail, features, home automation, home automation system, however, java technology, produces a secure solution, python, security, the system, the use of, which incorporates built-in network}
}

@article{Lee2012Real-timeDetection,
    title = {{Real-time computational processing and implementation for concealed object detection}},
    year = {2012},
    journal = {Optical Engineering},
    author = {Lee, Dong-Su},
    number = {7},
    pages = {071405},
    volume = {51},
    url = {http://opticalengineering.spiedigitallibrary.org/article.aspx?doi=10.1117/1.OE.51.7.071405},
    doi = {10.1117/1.OE.51.7.071405},
    issn = {0091-3286}
}

@article{Latronico2001RepresentingLanguage,
    title = {{Representing embedded system sequence diagrams as a formal language}},
    year = {2001},
    journal = {Proceedings of the 4th International Conference on The Unified Modeling Language, Modeling Languages, Concepts, and Tools},
    author = {Latronico, Elizabeth and Koopman, Phil},
    pages = {302--316},
    url = {http://dl.acm.org/citation.cfm?id=647245.719448},
    isbn = {3-540-42667-1},
    issn = {16113349}
}

@article{Len2010SecuringNetworks,
    title = {{Securing cognitive radio networks}},
    year = {2010},
    journal = {International Journal of Communication Systems},
    author = {Le??n, O. and Hern??ndez-Serrano, J. and Soriano, M.},
    number = {5},
    pages = {633--652},
    volume = {23},
    isbn = {9781420052817},
    doi = {10.1002/dac},
    issn = {10745351},
    pmid = {15487673},
    arxivId = {arXiv:1011.1669v3},
    keywords = {Cognitive radio, Cognitive radio network, Security}
}

@article{Hearst1998SupportMachines,
    title = {{Support vector machines}},
    year = {1998},
    journal = {IEEE Intelligent Systems and their Applications},
    author = {Hearst, Marti a. and Dumais, Susan T. and Osuna, Edgar and Platt, John and Sch{\"{o}}lkopf, Bernhard},
    pages = {18--28},
    volume = {13},
    url = {http://ieeexplore.ieee.org/xpls/abs_all.jsp?arnumber=708428},
    isbn = {9780471273981},
    doi = {10.1109/5254.708428},
    issn = {1094-7167},
    pmid = {21244189},
    arxivId = {arXiv:1011.1669v3}
}

@inproceedings{Sachs1994SyntheticVisibility,
    title = {{Synthetic vision and precision navigation for aircraft taxi guidance in low visibility}},
    year = {1994},
    booktitle = {Guidance, Navigation, and Control Conference, 1994},
    author = {Sachs, G. and Moller, H. and Dobler, K. and Schanzer, G. and Mohlenkamp, K.}
}

@inproceedings{Matsuda2015SystemImages,
    title = {{System of detecting underwater threats in side scan sonar images}},
    year = {2015},
    booktitle = {MTS/IEEE OCEANS 2015 - Genova: Discovering Sustainable Ocean Energy for a New World},
    author = {Matsuda, Yuma and Ogawa, Masatsugu and Yano, Masafumi},
    isbn = {9781479987368},
    doi = {10.1109/OCEANS-Genova.2015.7271585}
}

@article{Kitchenham2009SystematicReview,
    title = {{Systematic literature reviews in software engineering - A systematic literature review}},
    year = {2009},
    journal = {Information and Software Technology},
    author = {Kitchenham, Barbara and Pearl Brereton, O. and Budgen, David and Turner, Mark and Bailey, John and Linkman, Stephen},
    number = {1},
    pages = {7--15},
    volume = {51},
    publisher = {Elsevier B.V.},
    url = {http://dx.doi.org/10.1016/j.infsof.2008.09.009},
    isbn = {0950-5849},
    doi = {10.1016/j.infsof.2008.09.009},
    issn = {09505849},
    keywords = {Cost estimation, Evidence-based software engineering, Systematic literature review, Systematic review quality, Tertiary study}
}

@misc{Ayala1999The2E,
    title = {{The 8051 Microcontroller : Architecture , Programming , and Applications , 2E}},
    year = {1999},
    booktitle = {Solutions},
    author = {Ayala, Kenneth},
    pages = {8255},
    isbn = {0314201882}
}

@article{Kim2016TheImage,
    title = {{The convolution neural network based agent vehicle detection using forward-looking sonar image}},
    year = {2016},
    journal = {OCEANS 2016 MTS/IEEE Monterey, OCE 2016},
    author = {Kim, Juhwan and Cho, Hyeonwoo and Pyo, Juhyun and Kim, Byeongjin and Yu, Son-cheol},
    isbn = {9781509015375},
    doi = {10.1109/OCEANS.2016.7761209},
    keywords = {after that, agent vehicle, cable to locate, commands to the agent, control, forward-, it sends the position, looking sonar, machine learning, neural network, object detection, object recognition, using its vision system, vehicle through the tether}
}

@inproceedings{Olszewska2016TrackingUnderstanding,
    title = {{Tracking the invisible man: Hidden-object detection for complex visual scene understanding}},
    year = {2016},
    booktitle = {ICAART 2016 - Proceedings of the 8th International Conference on Agents and Artificial Intelligence},
    author = {Olszewska, J.I.},
    volume = {2},
    isbn = {9789897581724}
}

@article{Li2016UnderwaterPrior,
    title = {{Underwater image enhancement by Dehazing with minimum information loss and histogram distribution prior}},
    year = {2016},
    journal = {IEEE Transactions on Image Processing},
    author = {Li, Chong Yi and Guo, Ji Chang and Cong, Run Min and Pang, Yan Wei and Wang, Bo},
    number = {12},
    pages = {5664--5677},
    volume = {25},
    isbn = {1057-7149},
    doi = {10.1109/TIP.2016.2612882},
    issn = {10577149},
    keywords = {Underwater image enhancement, contrast enhancement, scattering removal, underwater image dehazing}
}

@article{Zhang2017UnderwaterRetinex,
    title = {{Underwater image enhancement via extended multi-scale Retinex}},
    year = {2017},
    journal = {Neurocomputing},
    author = {Zhang, S. and Wang, T. and Dong, J. and Yu, H.},
    volume = {245},
    doi = {10.1016/j.neucom.2017.03.029}
}

@article{Redmon2015YouDetection,
    title = {{You Only Look Once: Unified, Real-Time Object Detection}},
    year = {2015},
    author = {Redmon, Joseph and Divvala, Santosh and Girshick, Ross and Farhadi, Ali},
    url = {http://arxiv.org/abs/1506.02640},
    isbn = {978-1-4673-8851-1},
    doi = {10.1109/CVPR.2016.91},
    issn = {01689002},
    pmid = {27295650},
    arxivId = {1506.02640}
}

@misc{tensorflow2018,
    title = {Image~Recognition},
    publisher = {{TensorFlow}},
    url = {https://www.tensorflow.org/tutorials/image_recognition},
    urlaccessdate = {29 jun. 2018},
    year = {2018}
}

@article{cortes1995support,
  title={Support vector machine},
  author={Cortes, Corinna and Vapnik, Vladimir},
  journal={Machine learning},
  volume={20},
  number={3},
  pages={273--297},
  year={1995}
}

@article{peterson1981petri,
  title={Petri net theory and the modeling of systems},
  author={Peterson, James L},
  year={1981},
  publisher={Prentice Hall PTR}
}

@book{rafael2009digital,
  title={Digital Image Processing Using MATLAB{\textregistered}},
  author={Rafael C.. Gonzalez and Richard E.. Woods and Steven L.. Eddins},
  year={2009},
  publisher={Gatesmark Publishing}
}